<?xml version="1.0" encoding="UTF-8"?>
<record xmlns="http://www.loc.gov/MARC21/slim">
   <leader>01605cam a2200313 a 4500</leader>
   <controlfield tag="001">2742256</controlfield>
   <controlfield tag="003">NjP</controlfield>
   <controlfield tag="005">20190705144456.0</controlfield>
   <controlfield tag="008">840213s1967    ir            000 0carard</controlfield>
   <datafield tag="024" ind1="7" ind2=" ">
      <subfield code="a">princeton_aco004441</subfield>
      <subfield code="2">local</subfield>
   </datafield>
   <datafield ind1=" " ind2=" " tag="040">
      <subfield code="a">IUL</subfield>
      <subfield code="c">PUL</subfield>
      <subfield code="d">PUL</subfield>
   </datafield>
   <datafield ind1=" " ind2=" " tag="035">
      <subfield code="9">CND2335TS</subfield>
   </datafield>
   <datafield ind1=" " ind2=" " tag="035">
      <subfield code="a">(NjP)2742256</subfield>
   </datafield>
   <datafield ind1="1" ind2=" " tag="041">
      <subfield code="a">araper</subfield>
      <subfield code="h">ara</subfield>
   </datafield>
   <datafield ind1=" " ind2=" " tag="049">
      <subfield code="a">PULL</subfield>
   </datafield>
   <datafield ind1=" " ind2=" " tag="035">
      <subfield code="a">(OCoLC)ocm10407397</subfield>
   </datafield>
   <datafield ind1="1" ind2=" " tag="100">
      <subfield code="6">880-01</subfield>
      <subfield code="a">Mufīd, Muḥammad ibn Muḥammad,</subfield>
      <subfield code="d">-1022.</subfield>
      <subfield code="0">http://id.loc.gov/authorities/names/n80072488</subfield>
   </datafield>
   <datafield ind1="1" ind2="3" tag="245">
      <subfield code="6">880-02</subfield>
      <subfield code="a">al-Irshād :</subfield>
      <subfield code="b">fī maʻrifat ḥujaj Allāh ʻalá al-ʻibād /</subfield>
      <subfield code="c">li-muʻallifihi Muḥammad ibn Muḥammad ibn al-Nuʻmān al-mulaqqab bi-al-Mufīd ; ba-tarjamah va-sharḥ bi-qalam Sayyid Hāshim Rasūlī.</subfield>
   </datafield>
   <datafield ind1=" " ind2=" " tag="260">
      <subfield code="6">880-03</subfield>
      <subfield code="a">Tihrān :</subfield>
      <subfield code="b">Intishārāt ʻIlmīyah Islāmīyah,</subfield>
      <subfield code="c">[1967?]</subfield>
   </datafield>
   <datafield ind1=" " ind2=" " tag="300">
      <subfield code="a">2 v. ;</subfield>
      <subfield code="c">25 cm.</subfield>
   </datafield>
   <datafield ind1=" " ind2="0" tag="650">
      <subfield code="a">Imams (Shiites)</subfield>
      <subfield code="v">Biography.</subfield>
      <subfield code="0">http://id.loc.gov/authorities/subjects/sh2008104277</subfield>
   </datafield>
   <datafield ind1="0" ind2="0" tag="600">
      <subfield code="a">ʻAlī ibn Abī Ṭālib,</subfield>
      <subfield code="c">Caliph,</subfield>
      <subfield code="d">ca. 600-661</subfield>
      <subfield code="v">Biography.</subfield>
   </datafield>
   <datafield ind1="1" ind2=" " tag="700">
      <subfield code="6">880-04</subfield>
      <subfield code="a">Rasūlī Maḥallātī, Sayyid Hāshim.</subfield>
   </datafield>
   <datafield ind1="1" ind2=" " tag="880">
      <subfield code="6">100-01/r</subfield>
      <subfield code="a">مفيد، محمد بن محمد،</subfield>
      <subfield code="d">d. 1022.</subfield>
   </datafield>
   <datafield ind1="1" ind2="2" tag="880">
      <subfield code="6">245-02/r</subfield>
      <subfield code="a">الارشاد :</subfield>
      <subfield code="b">في معرفة حجج الله على العباد /</subfield>
      <subfield code="c">لمعلفه محمد بن محمد بن النعمان الملقب بالمفيد ؛ بترجمة ڤشرح بقلم سيد هاشم رسولي.</subfield>
   </datafield>
   <datafield ind1=" " ind2=" " tag="880">
      <subfield code="6">260-03/r</subfield>
      <subfield code="a">تهران :</subfield>
      <subfield code="b">انتشارات علمية اسلامية،</subfield>
      <subfield code="c">[1967؟]</subfield>
   </datafield>
   <datafield ind1="1" ind2=" " tag="880">
      <subfield code="6">700-04/r</subfield>
      <subfield code="a">رسولي محلاتي، سيد هاشم.</subfield>
   </datafield>
   <datafield ind1=" " ind2=" " tag="911">
      <subfield code="a">20000130</subfield>
   </datafield>
   <datafield ind1=" " ind2=" " tag="994">
      <subfield code="a">C0</subfield>
      <subfield code="b">PUL</subfield>
   </datafield>
   <datafield ind1=" " ind2=" " tag="999">
      <subfield code="a">2742256</subfield>
   </datafield>
   <datafield ind1=" " ind2=" " tag="979">
      <subfield code="a">(OCoLC)ocn178061582</subfield>
   </datafield>
   <datafield ind1="8" ind2="1" tag="852">
      <subfield code="0">3052899</subfield>
      <subfield code="b">rcppa</subfield>
      <subfield code="t">1</subfield>
      <subfield code="h">2272.6642.349.1967</subfield>
      <subfield code="x">tr fr f</subfield>
   </datafield>
   <datafield ind1=" " ind2="0" tag="866">
      <subfield code="0">3052899</subfield>
      <subfield code="8">0</subfield>
      <subfield code="a">v.1-2</subfield>
   </datafield>
   <datafield ind1=" " ind2=" " tag="959">
      <subfield code="a">2003-03-21 08:49:50 -0500</subfield>
   </datafield>
</record>
